<?xml version="1.0" encoding="UTF-8"?><collection xmlns="http://www.loc.gov/MARC21/slim"><record><leader>00521nam--2200169-i-4500</leader><controlfield tag="001">000009791</controlfield><controlfield tag="002">20161230</controlfield><controlfield tag="005">20161230201028</controlfield><controlfield tag="008">060222s1000------------r-----000-0-eng-d</controlfield><datafield ind1=" " ind2=" " tag="080"><subfield code="a">530.1:517.5</subfield></datafield><datafield ind1=" " ind2=" " tag="100"><subfield code="a">Baker, George A. ; Gammel, John L</subfield></datafield><datafield ind1=" " ind2=" " tag="245"><subfield code="a">The pade approximant in theoretical physics</subfield></datafield><datafield ind1=" " ind2=" " tag="260"><subfield code="a">New York, Academic Press, 1970 Xii + 378 P</subfield></datafield><datafield ind1=" " ind2=" " tag="490"><subfield code="a">Mathematics In Science And Engineering</subfield><subfield code="v">vol. 71</subfield></datafield><datafield ind1=" " ind2=" " tag="700"><subfield code="a">Baker, George A. And Gammel John L</subfield></datafield><datafield ind1=" " ind2=" " tag="852"><subfield code="a">17315</subfield></datafield><datafield ind1=" " ind2=" " tag="CAT"><subfield code="a">Sys</subfield><subfield code="c">20080404</subfield><subfield code="h">115442</subfield></datafield></record></collection>